3025 4600
1016 828 1678 928 ΛΙΙΙΙΙΤΑΜΕΝΤΛ.

589 1033 645 1117 Ι.
723 1031 1072 1135 Epistola
1122 1029 1195 1113 G.
1241 1025 1488 1110 Plinii
1539 1024 1640 1108 ad
1688 1024 2105 1110 Traianum

1018 1141 1660 1247 imperatorem.*)

848 1326 905 1383 G.
938 1325 1174 1382 Plinius
1206 1323 1463 1381 'ri-aiano
1495 1321 1862 1392 imperatori.

527 1458 829 1526 Solemne
884 1466 980 1523 est
1030 1456 1219 1541 mihi,
1280 1456 1597 1540 Domine,
1657 1455 1905 1539 omnia,
1963 1452 2044 1517 de
2088 1450 2326 1539 quibus

362 1558 628 1643 dubito,
687 1558 773 1623 ad
813 1567 879 1624 te
921 1557 1179 1624 referre.
1266 1556 1430 1638 Quis
1475 1557 1644 1621 enim
1688 1563 1902 1641 potest
1943 1553 2173 1620 melius
2217 1553 2327 1618 vel

363 1660 844 1725 cunctationem
877 1680 1088 1723 meam
1124 1679 1352 1743 regere
1371 1657 1477 1722 vel
1506 1657 1939 1744 ignorantiam
1963 1655 2326 1720 instruere?

364 1758 860 1842 Cognitionibus
889 1756 974 1822 de
1013 1757 1397 1822 Christianis
1440 1757 1705 1822 interfui
1746 1776 2135 1841 numquam:
2179 1754 2325 1818 ideo

359 1856 613 1939 nesci0,
683 1854 843 1941 quid
917 1865 979 1920 et
1052 1867 1374 1942 quatenus
1461 1866 1577 1921 aut
1643 1856 1862 1943 puniri
1931 1854 2137 1919 soleat
2215 1861 2327 1917 aut

361 1955 607 2041 quaeri.
714 1952 852 2020 Nec
914 1955 1319 2020 mediocriter
1380 1956 1731 2040 haesitavi,
1826 1956 1993 2019 sitne
2055 1952 2324 2039 aliquod

361 2054 701 2119 discrimen
758 2063 1078 2140 aetatum,
1138 2076 1222 2118 an
1267 2054 1634 2142 quamlibet
1689 2056 1895 2120 teneri
1937 2053 2101 2118 nihil
2144 2073 2183 2115 a
2224 2074 2324 2118 ro-

358 2154 758 2221 bustioribus
803 2153 1139 2237 differant3
1187 2153 1461 2219 deturne
1499 2154 1941 2240 poenitentiae
1981 2153 2196 2237 venia,
2241 2173 2326 2215 an

361 2256 453 2339 ei,
498 2255 612 2342 qui
655 2255 912 2321 omnino
959 2253 1361 2321 Christianus
1406 2254 1563 2340 fuit,
1611 2253 1875 2321 desiisse
1917 2275 2047 2319 non
2088 2253 2317 2340 prosit,

359 2376 590 2420 nomen
654 2355 899 2442 ipsum,
972 2356 1222 2420 etiamsi
1287 2355 1552 2442 flagitiis
1618 2364 1833 2421 careat
1849 2406 1867 2440 ‚
1937 2375 2020 2418 an
2076 2353 2325 2440 flagitia

361 2454 771 2520 cohaerentia
825 2456 1073 2521 nomini
1128 2456 1504 2541 puniantur.
1603 2456 1874 2522 Interim
1927 2456 1995 2518 in
2037 2454 2150 2538 iis,
2208 2454 2323 2539 qui

361 2552 447 2618 ad
485 2576 590 2619 me
630 2565 966 2640 tamquam
1014 2554 1364 2620 Christiani
1410 2555 1902 2637 deferebantur,
1963 2553 2135 2618 hunc
2179 2574 2323 2617 sum

356 2662 616 2719 secutus
672 2653 957 2719 modum.
1064 2654 1476 2740 Interrogavi
1532 2657 1729 2740 ipsos,
1768 2675 1853 2716 an
1899 2660 2108 2716 essent
2142 2651 2323 2716 Chri-

355 2753 580 2817 stiani:
638 2754 1015 2819 confitentes
1058 2757 1291 2819 iterum
1333 2775 1411 2817 ac
1453 2754 1643 2818 tertio
1688 2751 2114 2836 interrogavi,
2172 2772 2321 2836 sup-

354 2849 624 2938 plicium
680 2852 991 2934 minatus3
1058 2859 1548 2937 perseverantes
1609 2850 1760 2915 duci
1807 2851 1992 2934 jussi.
2090 2850 2322 2934 Neque

357 2949 526 3016 enim
570 2947 901 3035 dubitavi,
953 2951 1432 3036 qualecumque
1476 2958 1676 3035 esset,
1722 2948 1901 3034 quod
1943 2950 2318 3034 faterentur,

353 3049 786 3138 pervicaciam
817 3060 988 3116 certe
1019 3061 1082 3117 et
1110 3050 1532 3118 inflexibilem
1565 3049 2061 3115 obstinationem
2085 3049 2322 3118 debere

277 3167 282 3172 ’
352 3152 590 3238 puniri.
687 3150 984 3218 Fuerunt
1041 3151 1152 3216 alii
1204 3151 1429 3217 similis
1482 3151 1834 3236 amentiae,
1906 3172 2070 3238 quos
2086 3202 2105 3237 ,
2165 3152 2321 3237 quia

355 3253 526 3317 cives
567 3251 846 3317 Romani
892 3261 1093 3338 erant,
1138 3251 1448 3318 adnotavi
1491 3253 1560 3316 in
1603 3252 1830 3318 urbem
1881 3253 2319 3322 remittendos.

358 3351 521 3416 Mox
571 3353 712 3439 ipso
756 3361 1003 3438 tractu,
1070 3362 1145 3419 ut
1186 3353 1327 3419 fieri
1377 3353 1579 3438 solet,
1642 3352 2047 3420 diffundente
2089 3375 2159 3419 se
2203 3354 2319 3418 cri-

354 3451 523 3515 mine
600 3451 821 3537 plures
900 3454 1152 3540 species
1243 3453 1634 3519 inciderunt.
1763 3453 2143 3540 Propositus
2222 3461 2318 3516 est

353 3550 615 3617 libellus
670 3553 810 3617 sine
867 3562 1165 3638 auctore,
1233 3554 1587 3619 multorum
1642 3554 1903 3618 nomina
1962 3554 2314 3619 continens.

483 3802 538 3869 ³¹³)
573 3802 690 3859 Ista
735 3797 975 3874 epistola
1019 3803 1387 3859 celeberrima
1439 3809 1497 3862 et
1549 3806 1779 3876 cognitu
1828 3807 2081 3876 apprime
2150 3806 2319 3876 digna

353 3887 436 3940 est
469 3886 605 3939 97ma
639 3886 772 3942 libri
806 3886 1008 3942 decimi
1041 3887 1405 3956 epistolarum
1439 3888 1497 3946 G.
1532 3890 1702 3945 Plinii
1722 3891 1878 3945 Gaec.
1914 3888 2173 3955 Secundi,
2209 3888 2315 3954 cui,

354 3972 415 4022 ut
468 3969 538 4024 ab
588 3973 892 4039 avuncule,
943 3970 1204 4027 historiae
1256 3972 1525 4027 naturalis
1576 3975 1850 4046 scriptore
1870 4015 1886 4042 ,
1949 3972 2314 4039 discernatur,

356 4048 524 4107 etiam
557 4052 744 4110 mino
760 4055 859 4110 ris
893 4071 1168 4126 agnomen
1201 4054 1442 4112 inditum
1475 4061 1576 4112 est.
