3025 4600
1301 316 1423 379 135

365 520 667 599 stumque
705 514 926 580 venire
964 516 1392 601 victimarum,
1418 535 1695 601 quarum
1722 514 1938 579 adhuc
1972 519 2332 600 rarissimus

369 623 621 698 emptor
683 615 1152 683 inveniebatur.
1260 615 1370 679 Ex
1437 638 1568 700 quo
1630 614 1822 680 facile
1900 625 1995 679 est
2060 619 2331 702 opinari,

367 734 538 798 quae
582 715 774 780 turba
817 714 1145 779 hominum
1188 715 1515 780 emendari
1574 716 1822 801 possit,
1888 717 1943 779 si
1989 717 2071 780 sit
2113 720 2332 802 poeni-

366 815 611 877 tentiae
653 814 854 880 locus,

1251 999 1370 1012 ij-uxr*
1411 1001 1450 1012 *X
1469 1003 1474 1010 ι
1501 999 1631 1012 ΙαὪἻ-ΐυ

364 1190 456 1277 ΙΙ.
540 1193 913 1276 Traianus
949 1195 1377 1297 imperator
1408 1194 1479 1277 O.
1520 1193 1776 1278 Plinio
1816 1194 2226 1298 respondet
2241 1197 2331 1296 =*)

309 1430 410 1490 f,
1040 1374 1333 1431 Traianus
1369 1372 1566 1429 Plinio
1603 1375 1659 1432 S.

530 1506 805 1589 Actum,
856 1529 1049 1593 quem
1092 1508 1409 1594 debuisti,
1467 1512 1558 1574 mi
1598 1507 1932 1593 Secunde,
1980 1511 2048 1574 in
2091 1510 2332 1575 excuti-

370 1603 553 1667 endis
627 1605 837 1669 causis
916 1629 1134 1672 eorum
1157 1660 1174 1693 ,
1252 1610 1365 1693 qui
1442 1609 1792 1674 Christiani
1855 1609 1940 1673 ad
2004 1619 2069 1675 te
2133 1610 2332 1676 delati

365 1701 656 1785 fuerant,
732 1716 993 1773 secutus
1066 1731 1151 1773 es.
1282 1710 1516 1794 Neque
1601 1710 1770 1774 enim
1832 1711 1901 1773 in
1962 1714 2332 1776 universum

367 1799 655 1881 aliquid,
737 1804 914 1885 quod
976 1808 1164 1889 quasi
1218 1817 1458 1872 certam
1515 1809 1791 1873 formam
1846 1808 2119 1892 habeat,
2188 1831 2334 1873 con-

366 1897 550 1959 stitui
609 1906 841 1980 potest.
942 1902 1382 1989 Conquirendi
1437 1930 1568 1972 non
1618 1918 1799 1975 sunt:
1865 1908 1920 1971 si
1963 1907 2335 1971 deferantur

367 2003 432 2057 et
496 2006 883 2082 arguantur,
971 2003 1287 2084 puniendi
1356 2014 1541 2087 sunt,
1620 2006 1711 2067 ita
1768 2015 2019 2087 tamen,
2078 2015 2151 2067 ut
2221 2006 2333 2088 qui

365 2096 740 2179 negaverit,
793 2118 865 2160 se
910 2097 1346 2166 Christianum
1414 2124 1554 2166 esse
1621 2102 1822 2187 idque
1878 2125 1948 2166 re
2002 2104 2147 2186 ipsa
2203 2125 2334 2166 ma-

367 2195 671 2259 nifestum
750 2196 1008 2283 fecerit,
1087 2198 1155 2264 id
1230 2211 1326 2265 est
1399 2200 1831 2287 supplicando
1897 2201 2018 2265 diis
2078 2204 2333 2284 nostriS,

368 2296 664 2379 quamvis
707 2309 1046 2384 suspectus
1088 2300 1154 2363 in
1197 2303 1617 2385 praeteritum
1661 2302 1887 2386 fuerit,
1947 2302 2204 2366 veniam
2252 2325 2335 2366 ex

367 2399 764 2479 poenitentia
826 2401 1144 2485 impetret.
1251 2402 1407 2468 Sine
1474 2412 1738 2467 auctore
1800 2425 1955 2466 vero
2021 2405 2335 2488 propositi

367 2493 594 2579 libelli,
637 2500 704 2560 in
750 2499 930 2563 nullo
975 2501 1237 2566 crimine
1280 2502 1494 2567 locum
1536 2503 1779 2568 habere
1824 2503 2080 2568 debent.
2167 2503 2334 2568 Nam

370 2603 431 2656 et
472 2597 731 2678 pessimi
774 2600 1058 2685 exempli
1098 2624 1217 2666 nec
1258 2604 1459 2667 nostri
1504 2602 1748 2669 saeculi
1794 2612 1907 2667 est.

1249 2826 1280 2835 as.
1295 2823 1314 2835 x,
1333 2822 1649 2836 ‹Wuuxvmax

368 3024 492 3111 III.
567 3027 1047 3131 Apologetici
1108 3032 1623 3118 Tertullianei
1683 3031 2336 3133 fragmentum.**)

531 3210 1004 3277 Auctoritatem
1052 3213 1285 3279 litteris
1332 3222 1624 3300 praestat
1668 3214 2024 3299 antiquitas
2066 3233 2335 3280 summa.

369 3306 625 3373 Primus
684 3312 854 3374 enim
904 3313 1254 3398 prophetes
1311 3315 1611 3400 Moyses,
1673 3314 1787 3400 qui
1837 3312 2063 3397 mundi
2121 3310 2338 3376 condi-

369 3408 610 3470 tionem
692 3417 755 3471 et
832 3414 1087 3494 generis
1166 3413 1431 3478 humani
1489 3413 1992 3498 pullulationem
2060 3421 2122 3476 et
2184 3433 2339 3477 mox

370 3505 665 3571 ultricem
728 3508 1090 3595 iniquitatis
1156 3511 1331 3576 illius
1400 3515 1545 3576 aevi
1610 3514 1744 3577 vim
1809 3509 2187 3595 cataclysmi
2258 3509 2339 3573 de

500 3724 556 3793 *)
595 3726 740 3784 Vide
776 3725 834 3782 C.
868 3725 1037 3780 Plinii
1068 3727 1225 3781 Caec.
1272 3726 1516 3781 Secundi
1561 3727 1791 3783 minoris
1838 3726 2196 3795 epistolarum
2232 3726 2332 3782 lib.

375 3812 570 3877 lonium,
604 3829 691 3880 ep.
725 3812 909 3866 93vam,

467 3924 555 3992 **)
594 3928 854 3981 Conferas
906 3943 1029 3995 cap.
1075 3924 1225 3978 XIX.
1264 3942 1356 3993 pg.
1404 3926 1485 3980 54.
1535 3953 1599 3962 —-
1641 3928 1792 3995 Quae
1843 3925 1901 3978 in
1944 3924 2138 3979 codice
2180 3922 2339 3976 Fuld.

373 4009 632 4063 mendose
668 4009 878 4077 scripta
913 4013 1152 4074 exstant,
1186 4008 1331 4061 notis
1366 4007 1652 4076 adscripsi.
