3025 4600
1677 276 1794 340 136

753 473 1102 560 praeterito
1148 491 1413 536 exorsus
1457 481 1554 537 est
1568 522 1587 557 ,
1647 494 1764 558 per
1803 472 2333 540 vaticinationem
2373 494 2584 560 usque
2627 474 2711 544 ad

751 595 935 639 suam
989 580 1266 637 aetatem
1325 580 1388 637 et
1438 570 1746 658 deinceps
1802 595 1919 659 per
1974 595 2078 638 res
2134 595 2285 639 suas
2342 574 2710 641 futurorum

751 675 1067 759 imagines
1112 670 1350 756 edidit,
1404 693 1606 756 penes
1661 694 1857 758 quem
1905 681 1969 737 et
2009 683 2369 760 temporum
2411 674 2572 741 ordo
2618 675 2710 741 di-

749 783 973 857 gestus
1040 771 1124 838 ab
1187 771 1370 834 initio
1431 771 1969 855 subputationem
2044 772 2291 838 saeculi
2367 776 2707 860 praestitit.

747 873 1055 959 Superior
1117 870 1445 935 invenitur
1521 870 1706 934 annis
1785 872 2038 936 circiter
2099 874 2447 939 trencentis
2511 895 2707 959 quam

745 973 857 1037 ille
920 971 1406 1057 antiquissimus
1465 992 1666 1056 penes
1731 977 1902 1051 vos1)
1969 971 2242 1037 Danaus
2298 975 2366 1039 in
2431 974 2707 1058 Argosss)

744 1072 1238 1156 transvenisset,
1326 1071 1612 1135 Troiano
1694 1071 1974 1158 denique
2052 1072 2298 1157 proelio
2378 1073 2466 1136 ad
2527 1074 2705 1139 mille

741 1193 948 1237 annos
1002 1180 1152 1235 ante
1211 1178 1338 1255 est,
1409 1169 1586 1235 unde
1638 1181 1703 1236 et
1753 1173 1897 1257 ipso
1941 1171 2244 1239 Saturn0.
2328 1172 2702 1241 Secundum

743 1274 912 1338 enim
990 1271 1326 1335 historiam
1401 1269 1658 1355 Thalli,
1739 1292 1874 1356 qua
1944 1270 2222 1336 relatum
2298 1281 2393 1338 est
2454 1274 2700 1340 bellum

738 1371 1154 1456 Assyriorum
1213 1379 1276 1434 et
1330 1369 1716 1454 Saturnum,
1763 1369 2146 1435 Titanorum
2186 1375 2501 1457 regem,³)
2556 1397 2701 1440 cum

736 1470 898 1535 Iove
936 1469 1295 1551 dimicasse,
1329 1467 1687 1533 ostenditur
1718 1467 1964 1536 bellum
2000 1468 2309 1535 OCOXX
2341 1480 2404 1535 et
2442 1471 2700 1539 duobus

737 1569 921 1632 annis
955 1567 1233 1632 Iliacum
1267 1566 1513 1630 exitum
1552 1568 1995 1632 antecessisse.
2060 1568 2187 1632 Per
2216 1568 2389 1634 hunc
2417 1570 2697 1655 Moysen

737 1670 930 1732 etiam
993 1666 1109 1730 illa
1171 1665 1283 1731 lex
1357 1668 1624 1752 propria
1685 1665 1949 1730 Iudaeis
2021 1687 2061 1729 a
2126 1665 2247 1731 deo
2311 1668 2508 1732 missa
2575 1679 2694 1734 est.

733 1767 1065 1853 Deinceps
1108 1763 1337 1847 multa,
1358 1773 1422 1830 et
1463 1764 1577 1829 alii
1618 1762 1980 1850 prophetae
2034 1767 2419 1831 vetustiores
2459 1766 2696 1833 litteris

729 1869 980 1933 vestris.
1064 1867 1233 1932 Nam
1276 1874 1341 1931 et
1382 1866 1496 1950 qui
1541 1865 1767 1931 ultimo
1813 1867 2081 1951 cecinit,
2127 1874 2242 1931 aut
2283 1865 2691 1953 aliquantulo

730 1969 1174 2052 praecucurrit
1252 1975 1366 2031 aut
1432 1975 1607 2031 certe
1669 1966 1992 2030 concurrit
2028 1973 2262 2030 aetate
2333 1968 2691 2052 sapientiae

730 2068 1103 2134 auctoribus
1121 2117 1140 2151 ,
1221 2067 1414 2130 etiam
1488 2064 1807 2132 latoribus
1879 2064 2068 2150 legis.
2173 2064 2329 2151 Cyri
2396 2067 2565 2130 enim
2630 2077 2691 2132 et

728 2167 918 2232 Darii
962 2188 1164 2252 regno
1207 2165 1332 2230 fuit
1372 2164 1758 2250 Zacharias,
1803 2186 1938 2251 quo
1982 2165 2049 2229 in
2090 2172 2382 2250 tempore
2424 2165 2689 2249 Thales,

726 2265 1156 2351 Physicorum
1198 2266 1537 2351 princeps,
1598 2264 1955 2331 sciscitanti
2001 2263 2298 2348 Croeso4)
2352 2263 2514 2329 nihil
2559 2287 2688 2332 cer-

723 2370 863 2428 tum
907 2363 989 2428 de
1031 2364 1371 2428 divinitate
1406 2365 1765 2450 respondit,
1800 2365 2102 2432 turbatus
2135 2365 2383 2430 scilicet
2417 2366 2688 2434 vocibus

722 2463 1210 2551 prophetarum.
1295 2463 1498 2531 Solon
1559 2463 1769 2528 eidem
1810 2465 1954 2549 regi
1996 2464 2188 2529 finem
2231 2465 2471 2552 longae
2511 2469 2687 2532 vitae

721 2562 1105 2629 intuendum
1157 2563 1565 2650 praedicavit
1621 2586 1754 2629 non
1808 2563 1997 2629 aliter
2052 2586 2250 2650 quam
2305 2567 2681 2652 prophetae.

721 2662 910 2729 Adeo
951 2666 1188 2750 respici
1230 2674 1472 2751 potest,
1549 2674 1682 2730 tam
1742 2665 1884 2730 iura
1939 2674 2157 2731 vestra
2213 2689 2410 2753 quam
2466 2669 2683 2734 studia

722 2761 805 2826 de
869 2762 1020 2848 lege
1077 2761 1292 2849 deque
1349 2765 1572 2830 divina
1634 2763 1929 2830 doctrina
1994 2767 2384 2851 concepisse.
2485 2769 2682 2850 Quod

717 2863 900 2948 prius
946 2873 1062 2950 est,
1105 2864 1231 2931 hoc
1270 2866 1353 2930 sit
1393 2888 1614 2931 semen
1654 2886 1917 2931 necesse
1963 2873 2077 2934 est.
2151 2865 2317 2931 Inde
2359 2868 2681 2953 quaedam

715 2964 1057 3030 nobiscum
1112 2964 1221 3030 vel
1277 2987 1482 3050 prope
1535 2988 1653 3031 nos
1708 2965 1985 3033 habetis.
2078 2965 2185 3030 De
2224 2966 2458 3051 sophia
2501 2990 2681 3035 amor

716 3064 854 3128 eius
891 3062 1304 3149 philosophia
1335 3067 1658 3133 vocitatus
1694 3076 1809 3150 est,
1844 3064 1926 3130 de
1955 3065 2297 3150 prophetia
2326 3066 2677 3135 adfectatio

714 3161 852 3225 eius
924 3164 1247 3246 poeticam
1321 3166 1853 3231 vaticinationem
1939 3163 2300 3250 deputavit.
2409 3166 2678 3235 Gloriae

710 3257 1000 3323 homines
1043 3262 1100 3324 si
1140 3261 1301 3345 quid
1355 3264 1772 3350 invenerant,
1839 3274 1912 3331 ut
1969 3267 2305 3352 proprium
2360 3267 2673 3356 facerent,

709 3356 1263 3426 adulteraverunt.
1325 3360 1547 3426 Etiam
1581 3364 1898 3431 fructibus
1932 3388 1971 3430 a
2002 3367 2245 3432 semine
2276 3366 2673 3452 degenerare

709 3459 999 3545 contigit.
1106 3459 1333 3525 Multis
1395 3461 1616 3528 adhuc
1674 3463 1756 3530 de
1807 3475 2133 3533 vetustate
2193 3467 2404 3534 modis
2470 3473 2674 3537 consi·

705 3567 940 3624 sterem
984 3559 1352 3627 divinarum
1394 3563 1775 3650 litterarum,
1811 3569 1867 3632 si
1903 3590 2035 3633 non
2067 3570 2275 3634 maior
2316 3573 2671 3638 auctoritas

704 3657 835 3723 illis
897 3659 984 3724 ad
1045 3659 1241 3728 fidem
1306 3664 1389 3729 de
1444 3666 1735 3731 veritatis
1791 3689 1951 3735 suae
2015 3670 2265 3737 viribus
2322 3693 2522 3756 quam
2588 3672 2669 3738 de

837 3901 876 3967 ¹)
913 3895 1044 3955 Cod.
1078 3897 1239 3957 Fuld.
1278 3911 1454 3955 ›noa‹
1543 3902 1586 3968 ²)
1624 3900 1778 3957 Idem
1825 3878 2060 3971 {Argos
2150 3905 2192 3971 ³)
2228 3898 2387 3958 Idem
2425 3917 2663 3974 ›reges‹

700 3981 743 4049 ⁴²)
782 3981 938 4038 Idem
974 3984 1193 4051 ›cyra‹
