3025 4600
1376 303 1440 366 V

414 507 617 578 etiam
692 504 1009 579 Vaticani
1081 511 1263 599 tres,
1360 503 1789 595 Elnonensis,
1872 499 2385 593 Gandaviensis‚

411 619 812 693 Leodiensis
849 619 1160 712 (Pamelii
1188 621 1374 715 libri)
1411 627 1483 695 et
1524 617 1917 694 Gorziensis
1947 616 2138 690 citati
2182 620 2381 687 sunt:

409 735 656 806 horum
714 735 915 827 longe
980 738 1548 828 praestantissimi
1610 734 2031 807 Parisienses
2068 734 2132 803 1.
2171 736 2243 803 et
2277 734 2384 820 4.;

412 840 851 924 ῈιιΙᾱεηεοιπ
897 851 1206 925 eruditus
1289 853 1563 944 quidem
1640 850 1962 922 librarius
2032 847 2386 940 scripsisse

412 963 704 1057 videtur,
765 964 886 1038 sed
936 963 1021 1040 de
1075 987 1198 1040 suo
1237 966 1509 1059 ingenio
1555 966 1830 1058 saepius
1873 960 2135 1036 addidit
2180 965 2385 1054 atque

411 1080 721 1151 mutavit.

609 1226 807 1318 Quod
855 1229 928 1301 in
979 1228 1114 1304 fine
1162 1229 1367 1303 huius
1432 1227 1650 1303 libelli
1714 1227 2037 1321 epistolas
2084 1225 2385 1301 celeber-

409 1344 616 1415 rimas
698 1343 776 1416 C.
861 1344 1068 1416 Plinii
1155 1344 1353 1420 Caec.
1459 1342 1756 1418 Secundi
1843 1340 1930 1413 ad
2019 1341 2385 1413 Traianum

407 1459 889 1550 imperatorem
961 1465 1031 1531 et
1099 1459 1372 1532 Traiani
1439 1458 1527 1532 ad
1597 1456 1915 1547 Plinium,
1984 1454 2231 1547 quibus
2298 1452 2385 1526 de

411 1573 816 1647 Christianis
881 1574 1108 1665 agitur
1170 1595 1474 1666 quasque
1525 1572 1987 1645 Tertullianus
2037 1570 2109 1641 in
2161 1570 2384 1662 capite
2519 1652 2528 1658 ,

412 1689 627 1763 altero
677 1689 1054 1781 Apologiae
1123 1693 1288 1762 suae
1352 1688 1621 1780 laudat,
1692 1685 2004 1776 adiunxi,
2076 1683 2387 1758 omnibus

407 1804 689 1878 lecturis
755 1809 1027 1895 gratum
1090 1804 1236 1878 fore
1287 1810 1552 1880 certum
1599 1802 1819 1876 habeo
1835 1857 1854 1893 ,
1929 1821 2086 1874 cum
2130 1800 2386 1871 nemini

408 1940 497 1991 ss.
572 1918 981 2010 Theologiae
1061 1941 1341 2013 operam
1425 1920 1707 1994 navanti
1775 1919 1911 1990 ista
1978 1913 2387 1987 documenta

407 2032 770 2105 admodum
844 2033 1140 2125 insignia
1210 2036 1528 2123 ignorare
1598 2034 1826 2105 liceat.
1944 2027 2385 2119 Segmentum

409 2146 851 2219 Tertullianei
899 2147 1330 2238 Apologetici
1379 2146 1622 2239 capitis
1671 2143 1832 2218 noni
1884 2141 2163 2233 decimi,
2217 2162 2382 2233 quo-

407 2262 588 2334 niam
624 2262 695 2334 in
726 2260 878 2336 ‘solo
928 2260 1159 2337 codice
1215 2262 1543 2336 Fuldensi
1586 2262 1899 2356 habetur,
1942 2283 2065 2336 suo
2101 2261 2382 2353 quidem

407 2378 554 2452 loco
604 2379 912 2471 recipere
961 2379 1191 2470 nolui;
1255 2402 1342 2453 ne
1392 2401 1558 2454 vero
1607 2380 1879 2454 omnino
1932 2377 2377 2473 desideretur,

407 2494 477 2564 in
525 2493 660 2567 fine
711 2493 1231 2568 describendum
1284 2497 1540 2570 curavi.

598 2642 911 2734 Denique
957 2649 1207 2737 restat,
1275 2651 1356 2717 ut
1401 2644 1819 2736 Engelberto
1865 2645 2261 2736 Freusberg
2310 2650 2386 2717 et

405 2756 770 2831 Francisco
840 2757 1293 2852 Reckewerd,
1368 2758 1732 2832 iuvenibus
1805 2780 1895 2832 ss.
1967 2761 2378 2850 Theologiae

405 2870 762 2963 studiosiS‚
815 2872 932 2965 qui
977 2895 1086 2946 me
1135 2875 1206 2945 in
1256 2874 1685 2947 conferendis
1734 2874 1928 2946 libris
1970 2896 2105 2946 non
2154 2876 2377 2946 minus
2455 2898 2460 2902 ·

405 2982 698 3056 libenter
775 3007 979 3076 quam
1066 2987 1351 3061 adsidue
1429 2994 1502 3062 et
1594 2989 1883 3062 solerter
1966 2989 2373 3083 adiuverint,

405 3097 659 3188 gratias
708 3098 1007 3174 sinceras
1055 3101 1327 3197 publice
1377 3123 1595 3195 agam.
