3025 4600
1119 1151 1680 1254 Praefatio.

1303 1373 1439 1387 ‘'vnn-flu
1450 1375 1501 1388 'xlx

590 1458 757 1550 Cum
825 1475 1151 1553 Octavius
1170 1534 1188 1571 ,
1273 1500 1522 1554 aureus
1594 1481 1710 1555 ille
1778 1479 2091 1576 1111611113,
2186 1503 2387 1572 quem

415 1595 654 1667 Marco
705 1593 1010 1667 Minucio
1063 1595 1312 1686 Felici,
1365 1595 1616 1668 Latino
1665 1596 2089 1689 Apologetae
2108 1652 2125 1687 ,
2182 1595 2386 1669 debe-

416 1732 589 1802 111113,
626 1713 784 1782 ante
832 1710 957 1783 hos
999 1708 1169 1782 duos
1200 1732 1411 1783 annos
1451 1732 1493 1782 a
1531 1733 1640 1784 me
1690 1710 1980 1804 editus*)
2030 1712 2226 1785 brevi
2251 1733 2388 1783 non

412 1846 685 1927 paucos,
734 1823 863 1896 sibi
934 1824 1186 1897 amicos
1250 1827 1762 1919 conparaverit,
1838 1826 2125 1898 similem
2193 1823 2390 1898 editi-

417 1962 615 2014 onem
662 1941 887 2032 operis
938 1941 1389 2034 Apologetici,
1433 1940 1615 2032 quod
1668 1942 1964 2032 Quintus
2016 1940 2388 2034 Septimius

415 2055 702 2127 Florens
753 2054 1212 2126 Tertullianus
1261 2054 1457 2126 nobis
1521 2057 1838 2147 reliquit,
1916 2055 2167 2127 scholis
2229 2053 2390 2126 ada-

414 2169 741 2263 ptandam
805 2168 1120 2241 meditari
1188 2171 1372 2242 haud
1447 2171 1777 2243 absonum
1847 2190 2069 2258 neque
2146 2168 2388 2241 inutile

416 2287 583 2360 mihi
649 2285 871 2359 visum
943 2289 1071 2361 631.
1191 2287 1422 2360 Editio
1489 2288 1705 2381 enim,
1782 2307 1985 2377 quam
2036 2282 2085 2358 J
2088 2306 2183 2360 os
2236 2284 2385 2377 Ign.

414 2403 663 2494 Ritter,
684 2402 751 2473 b.
777 2424 868 2474 m.
910 2404 1038 2496 vir,
1075 2404 1358 2495 triginta
1395 2403 1541 2478 fere
1578 2402 1824 2475 abhinc
1866 2400 2061 2474 annis
2098 2400 2391 2474 eundem

415 2521 487 2591 111
510 2519 716 2592 finem
735 2518 1327 2616 promulgavit,**)
1358 2541 1494 2591 non
1529 2519 1664 2591 iam
1687 2517 1960 2592 sufficit.
2024 2514 2180 2588 Etsi
2214 2516 2390 2588 mul-

415 2641 530 2707 tae
564 2635 723 2707 illae
775 2633 1212 2707 difficultates
1253 2641 1323 2708 et
1357 2635 1710 2708 obstacula
1756 2655 1891 2705 non
1939 2654 2175 2727 parva,
2216 2654 2392 2725 quae

417 2750 819 2821 Tertulliani
865 2750 1388 2843 Apologeticum
1438 2750 1708 2822 edituro
1756 2748 2228 2839 adversantur,
2280 2769 2390 2820 me

419 2883 786 2953 numquam
835 2864 1171 2956 latebant,
1248 2865 1460 2937 nihilo
1512 2866 1738 2938 secius
1789 2883 2068 2955 operam
2118 2883 2199 2935 ac
2245 2866 2389 2933 stu-

419 2976 607 3048 dium
654 2977 970 3065 viresque
1020 3000 1205 3051 meas
1245 2980 1557 3069 quamvis
1607 2984 1850 3048 tenues
1900 2976 1989 3048 ad
2034 2978 2391 3068 praestan-

418 3090 757 3162 tissimum
796 3093 1049 3165 veteris
1095 3095 1294 3167 istius
1341 3092 1696 3185 scriptoris
1734 3090 2104 3165 Christiani
2142 3088 2393 3164 librum

423 3204 748 3280 adhibere
825 3227 959 3281 non
1033 3209 1362 3285 dubitavi.
1489 3208 1694 3282 Nunc
1771 3228 1946 3300 quae
2023 3205 2391 3281 adsecutus

550 3455 606 3522 ²¹³)
643 3452 825 3508 Marci
868 3452 1105 3509 Minucii
1148 3457 1352 3512 Felicis
1400 3453 1826 3512 Octaviu8.1n
1868 3469 2032 3509 11311111
2077 3451 2393 3508 scholarum

422 3537 601 3593 edidit
634 3538 734 3593 Dr.
766 3537 804 3593 J
805 3536 892 3593 oh
927 3537 1155 3606 Kayser,
1193 3539 1341 3596 Prof.
1401 3539 1814 3652 Paderbornae.
1873 3537 2043 3608 Typis
2072 3540 2131 3591 et
2161 3535 2391 3605 sumpti-

419 3621 521 3676 bus
556 3622 592 3677 J
594 3620 1080 3677 unformanniams
1118 3625 1262 3677 1863.

517 3703 606 3771 **)
643 3704 898 3774 Septimii
946 3706 1227 3762 Florentis
1286 3706 1618 3763 Tertulliani
1680 3706 2078 3777 Apologeticus
2128 3703 2392 3760 adversus

419 3792 631 3857 gentem
725 3789 863 3844 Cum
923 3789 1232 3846 lectionum
1293 3791 1566 3847 varietate
1615 3790 1803 3846 edidit
1849 3787 2391 3858 Jos.1gn.Ritto1-,

419 3886 491 3926 33.
535 3869 872 3941 Theologiae
921 3872 1134 3930 Doctor
1185 3872 1542 3943 eiusdemque
1584 3875 1645 3944 in
1693 3872 2073 3929 Universitate
2122 3870 2393 3926 Rhenum

418 3952 568 4008 Prof.
599 3953 857 4023 publicus
893 3958 1221 4016 ordinarius·
1300 3959 1661 4016 Elberfeldae
1696 3959 1756 4015 in
1788 3955 2115 4028 bibliopolio
2161 3953 2395 4013 Hem-ici

419 4034 726 4093 Biischleri.
762 4038 908 4099 1828.

1307 4302 1666 4403 96875
