3025 4600
719 637 1062 709 praesente
1140 650 1246 692 me
1324 628 1480 694 deos
1547 630 1954 716 adpellarent
2030 640 2093 695 et
2157 631 2423 715 imagini
2502 640 2676 713 tuae,

720 745 917 810 quam
961 736 1226 812 propter
1266 728 1389 792 hoc
1410 728 1731 812 jusseram
1767 753 1912 796 cum
1948 730 2306 795 simulacris
2343 732 2678 795 numinum

721 823 993 908 adferri,
1036 826 1227 890 thure
1268 848 1346 890 ac
1387 828 1539 891 vino
1584 830 2061 916 supplicarent,
2108 840 2444 917 praeterea
2486 829 2682 893 male·

723 923 1008 989 dicerent
1053 924 1340 1011 Christo,
1401 949 1676 1012 quorum
1718 930 1882 994 nihil
1928 932 2076 1016 cogi
2128 954 2320 1018 posse
2375 931 2681 995 dicuntur

723 1025 836 1108 qui
878 1033 1029 1089 sunt
1079 1047 1308 1116 revera
1351 1027 1737 1114 Christiani,
1784 1052 1924 1102 esse
1967 1031 2383 1097 dimittendos
2426 1031 2679 1117 putavi.

720 1122 856 1187 Alii
898 1125 982 1189 ab
1024 1124 1238 1190 indice
1266 1129 1581 1194 nominati
1633 1153 1772 1196 esse
1818 1154 1889 1196 se
1927 1132 2328 1197 Christianos
2376 1131 2683 1196 dixerunt

723 1231 787 1287 et
828 1246 980 1287 mox
1022 1238 1459 1311 negaverunt3
1505 1230 1705 1296 fuisse
1749 1232 2032 1317 quidem,
2065 1232 2180 1298 sed
2226 1232 2511 1316 desiisse,
2543 1233 2683 1317 qui-

722 1322 871 1386 dam
914 1332 1065 1390 ante
1104 1328 1469 1414 triennium,
1513 1332 1780 1417 quidam
1823 1342 1973 1398 ante
2021 1333 2239 1418 plures
2283 1354 2507 1415 annos,
2551 1333 2684 1395 non

718 1445 905 1488 nemo
965 1426 1156 1489 etiam
1212 1439 1363 1493 ante
1419 1431 1654 1517 viginti
1711 1454 1994 1518 quoque.
2098 1432 2346 1496 Omnes
2405 1440 2469 1495 et
2524 1433 2686 1494 ima·

722 1526 940 1607 ginem
1015 1535 1193 1590 tuam
1271 1528 1674 1616 deorumque
1743 1533 2088 1597 simulacra
2167 1531 2455 1595 venerati
2532 1540 2687 1594 sunt

722 1632 784 1688 ct
829 1622 1082 1691 Christo
1125 1627 1626 1695 maledixerunt.
1729 1631 2187 1696 Adfirmabant
2241 1639 2454 1693 autem
2510 1628 2684 1692 hanc

721 1725 921 1789 fuisse
999 1748 1310 1790 summam
1407 1730 1515 1794 vel
1615 1731 1848 1816 culpae
1933 1751 2092 1794 suae
2207 1727 2316 1793 vel
2427 1730 2684 1813 erroris,

725 1824 903 1911 quod
977 1837 1189 1890 essent
1246 1828 1419 1893 soliti
1474 1839 1643 1894 stato
1700 1830 1805 1894 die
1862 1838 2013 1893 ante
2062 1829 2277 1893 lucem
2342 1831 2691 1912 convenire

725 1945 1116 2011 carmenque
1152 1926 1409 1993 Christo
1461 1931 1654 2014 quasi
1689 1930 1834 1994 Deo
1875 1929 2090 1993 dicere
2128 1950 2347 1992 secum
2383 1929 2684 2014 invicem,

723 2048 923 2112 seque
963 2038 1365 2093 sacramento
1409 2052 1541 2092 non
1582 2031 1651 2093 in
1691 2029 1902 2095 scelus
1945 2027 2215 2113 aliquod
2259 2028 2686 2113 obstringere,

726 2126 842 2192 sed
868 2147 951 2191 ne
983 2128 1175 2213 furta,
1210 2151 1293 2192 ne
1326 2129 1689 2213 latrocinia,
1725 2152 1807 2194 ne
1845 2127 2167 2194 adulteria
2215 2130 2685 2215 conmitterent,

727 2248 809 2290 ne
852 2223 1043 2290 fidem
1098 2227 1434 2314 fallerent,
1493 2251 1577 2293 ne
1620 2228 1983 2315 depositum
2045 2226 2359 2314 adpellati
2403 2229 2687 2315 abnega-

727 2334 901 2390 rentz
967 2328 1204 2411 quibus
1259 2331 1538 2413 peractis
1594 2351 1832 2395 morem
1877 2329 2004 2393 sibi
2061 2327 2437 2393 discedendi
2492 2329 2689 2394 fuisse

725 2444 1076 2510 rursusque
1114 2427 1390 2491 coeundi
1431 2427 1519 2492 ad
1563 2428 1948 2513 capiendum
1987 2428 2224 2512 cibum,
2255 2431 2686 2514 promiscuum

727 2533 945 2587 tamen
988 2534 1051 2590 et
1091 2526 1460 2612 innoxium3
1509 2528 1699 2613 quod'
1731 2530 1942 2612 ipsum
1976 2526 2193 2591 facere
2238 2527 2500 2593 desiisse
2542 2539 2688 2614 post

733 2623 1013 2689 edictum
1059 2649 1292 2711 meum,
1331 2649 1459 2713 quo
1491 2625 1851 2695 secundum
1879 2625 2190 2690 mandata
2223 2636 2339 2691 tua
2375 2627 2688 2694 hetaerias

734 2747 872 2790 esse
913 2737 1264 2792 vetueram.
1353 2729 1500 2810 Quo
1547 2728 1756 2811 magis
1798 2728 2229 2791 necessarium
2271 2726 2548 2812 credidi,
2608 2753 2687 2793 ex

735 2824 989 2891 duabus
1053 2828 1339 2913 ancillis,
1413 2851 1587 2916 quae
1648 2828 1978 2891 ministrae
2046 2826 2467 2910 dicebantur,
2532 2829 2689 2913 quid

738 2933 903 2990 esset
956 2928 1124 3011 veri,
1190 2938 1252 2993 et
1326 2952 1442 3014 per
1516 2938 1836 2994 tormenta
1901 2948 2231 3013 quaerere.
2334 2926 2466 2992 Sed
2529 2929 2689 2992 nihil

736 3023 916 3091 aliud
958 3027 1210 3111 inveni,
1273 3050 1469 3113 quam
1511 3029 2028 3114 superstitionem
2072 3047 2343 3110 pravam
2389 3034 2451 3090 et
2491 3027 2687 3092 inmo-

738 3124 968 3190 dicam.
1080 3126 1240 3191 Ideo
1324 3127 1531 3193 dilata
1611 3128 1978 3214 cognitione
2059 3124 2146 3188 ad
2225 3124 2684 3190 consulendum

733 3234 804 3305 te
845 3223 1204 3293 decucurri.
1292 3227 1453 3292 Visa
1497 3237 1594 3292 est
1640 3229 1808 3292 enim
1851 3226 2010 3290 mihi
2050 3247 2152 3289 res
2199 3225 2400 3310 digna
2443 3229 2691 3292 consul-

738 3323 1015 3405 tatione,
1095 3326 1378 3388 maxime
1439 3336 1705 3410 propter
1767 3322 2269 3411 periclitantium
2336 3346 2688 3395 numerum.

739 3421 934 3487 Multi
971 3424 1146 3488 -enim
1199 3425 1403 3488 omnis
1448 3425 1714 3508 aetatiS,
1774 3426 1979 3489 omnis
2022 3422 2297 3511 ordinis,
2358 3425 2691 3511 utriusque

741 3545 935 3589 sexus
981 3524 1207 3609 etiam,
1263 3535 1579 3590 vocantur
1632 3526 1699 3588 in
1751 3523 2111 3609 periculum
2157 3530 2220 3586 et
2265 3524 2689 3592 vocabuntur.

741 3624 974 3709 Neque
1038 3626 1331 3689 civitates
1408 3633 1694 3708 tantum,
1780 3623 1895 3689 sed
1974 3624 2152 3686 vicos
2232 3621 2424 3686 etiam
2497 3636 2692 3713 atque

744 3748 937 3809 agros
1003 3726 1474 3811 superstitionis
1531 3725 1717 3789 istius
1776 3723 2074 3807 contagio
2143 3732 2504 3807 pervagata
2567 3739 2691 3814 est3

745 3848 915 3913 quae
979 3825 1234 3892 videtur
1296 3824 1435 3890 sisti
1506 3833 1569 3888 et
1648 3824 1895 3908 conrigi
1969 3843 2180 3907 posse.
2289 3820 2478 3892 Certe
2539 3833 2693 3895 satis

746 3936 1031 4012 constat,
1095 3948 1299 4012 prope
1354 3926 1483 3988 iam
1542 3922 1834 3989 desolata
1884 3919 2126 4005 templa
2182 3919 2472 4004 coepisse
2538 3914 2693 3979 cele-

744 4031 920 4098 brari
987 4037 1049 4092 et
1121 4047 1306 4093 sacra
1377 4023 1692 4092 solemnia
1750 4021 1862 4089 diu
1916 4019 2276 4086 intermissa
2317 4015 2525 4106 repeti
2586 4034 2694 4101 pa-
